% Here are some examples of different sources to reference.

@book{keydummydelete,
  author = {me},
  editor = {me},
  publisher = {me},
  title = {I rule!},
  year = {2025}
}